<?xml version="1.0" encoding="UTF-8"?><collection xmlns="http://www.loc.gov/MARC21/slim"><record><leader>00395nam--2200133-i-4500</leader><controlfield tag="001">000030696</controlfield><controlfield tag="002">20161230</controlfield><controlfield tag="005">20161230201038</controlfield><controlfield tag="008">060222s1000------------r-----000-0-eng-d</controlfield><datafield ind1=" " ind2=" " tag="080"><subfield code="a">543.422.25</subfield></datafield><datafield ind1=" " ind2=" " tag="100"><subfield code="a">Mateescu, Gheorghe D.Si Valeriu, Adrian</subfield></datafield><datafield ind1=" " ind2=" " tag="245"><subfield code="a">2d nmr density matrix and product operator treatment</subfield></datafield><datafield ind1=" " ind2=" " tag="260"><subfield code="a">Englewood Cliffs, A Solomon Press Book, 1993, Xi + 195p</subfield></datafield><datafield ind1=" " ind2=" " tag="852"><subfield code="a">80055</subfield></datafield></record></collection>